<?xml version="1.0" encoding="UTF-8"?><record xmlns="http://www.loc.gov/MARC21/slim" xmlns:cinclude="http://apache.org/cocoon/include/1.0" xmlns:zs="http://www.loc.gov/zing/srw/">
  <leader>00519nz  a2200133n  4500</leader>
  <controlfield tag="001">n 2008041132</controlfield>
  <controlfield tag="003">DLC</controlfield>
  <controlfield tag="005">20080618080802.0</controlfield>
  <controlfield tag="008">080617n| acannaabn          |a aaa      </controlfield>
  <datafield tag="010" ind1=" " ind2=" ">
    <subfield code="a">n 2008041132</subfield>
  </datafield>
  <datafield tag="040" ind1=" " ind2=" ">
    <subfield code="a">DLC</subfield>
    <subfield code="b">eng</subfield>
    <subfield code="c">DLC</subfield>
  </datafield>
  <datafield tag="100" ind1="1" ind2=" ">
    <subfield code="a">Vasylynetsʹ, Mykhailo,</subfield>
    <subfield code="d">1951-</subfield>
  </datafield>
  <datafield tag="400" ind1="1" ind2=" ">
    <subfield code="a">Vasylynetsʹ, M. M.</subfield>
    <subfield code="q">(Mykhailo Mykhailovych),</subfield>
    <subfield code="d">1951-</subfield>
  </datafield>
  <datafield tag="670" ind1=" " ind2=" ">
    <subfield code="a">Vasylynetsʹ, M. M. Bilky, selo pid borz︠h︡avoi︠u︡, 2007:</subfield>
    <subfield code="b">t.p. (Mykhailo Vasylynetsʹ) copr. (Vasylynetsʹ M. M.) back cover (Vasylynetsʹ Mykhailo Mykhailovych; b. 1951</subfield>
  </datafield>
</record>